<?xml version="1.0" encoding="UTF-8"?><record xmlns="http://www.loc.gov/MARC21/slim" xmlns:cinclude="http://apache.org/cocoon/include/1.0" xmlns:zs="http://www.loc.gov/zing/srw/">
  <leader>00732nz  a2200217n  4500</leader>
  <controlfield tag="001">no2014132072</controlfield>
  <controlfield tag="003">DLC</controlfield>
  <controlfield tag="005">20141007073830.0</controlfield>
  <controlfield tag="008">141006n| azannaabn          |a aaa     c</controlfield>
  <datafield tag="010" ind1=" " ind2=" ">
    <subfield code="a">no2014132072</subfield>
  </datafield>
  <datafield tag="035" ind1=" " ind2=" ">
    <subfield code="a">(OCoLC)oca09981006</subfield>
  </datafield>
  <datafield tag="040" ind1=" " ind2=" ">
    <subfield code="a">UPB</subfield>
    <subfield code="b">eng</subfield>
    <subfield code="e">rda</subfield>
    <subfield code="c">UPB</subfield>
  </datafield>
  <datafield tag="046" ind1=" " ind2=" ">
    <subfield code="k">1628</subfield>
  </datafield>
  <datafield tag="100" ind1="0" ind2=" ">
    <subfield code="a">Virgil.</subfield>
    <subfield code="t">Bucolica.</subfield>
    <subfield code="l">English</subfield>
    <subfield code="s">(Lathum)</subfield>
  </datafield>
  <datafield tag="377" ind1=" " ind2=" ">
    <subfield code="a">eng</subfield>
  </datafield>
  <datafield tag="381" ind1=" " ind2=" ">
    <subfield code="a">Lathum</subfield>
  </datafield>
  <datafield tag="400" ind1="0" ind2=" ">
    <subfield code="a">Virgil.</subfield>
    <subfield code="t">Virgils Eclogues</subfield>
    <subfield code="s">(Lathum)</subfield>
  </datafield>
  <datafield tag="500" ind1="1" ind2=" ">
    <subfield code="w">r</subfield>
    <subfield code="i">Translator:</subfield>
    <subfield code="a">Lathum, William</subfield>
  </datafield>
  <datafield tag="500" ind1="1" ind2=" ">
    <subfield code="w">r</subfield>
    <subfield code="i">Translator:</subfield>
    <subfield code="a">Lisle, William,</subfield>
    <subfield code="d">1579?-1637</subfield>
  </datafield>
  <datafield tag="667" ind1=" " ind2=" ">
    <subfield code="a">Translation by William Lathum, formerly attributed to William Lisle (STC, 1st ed, 24820)</subfield>
  </datafield>
  <datafield tag="670" ind1=" " ind2=" ">
    <subfield code="a">Virgil. Virgils Eclogues, 1628:</subfield>
    <subfield code="b">title page (translated into English by W.L., gent.)</subfield>
  </datafield>
</record>